<?xml version="1.0" encoding="UTF-8"?><collection xmlns="http://www.loc.gov/MARC21/slim"><record><leader>00466nam--2200133-i-4500</leader><controlfield tag="001">000046944</controlfield><controlfield tag="002">20161230</controlfield><controlfield tag="005">20161230201046</controlfield><controlfield tag="008">060222s1000------------r-----000-0-eng-d</controlfield><datafield ind1=" " ind2=" " tag="100"><subfield code="a">Watelle-marion, G</subfield></datafield><datafield ind1=" " ind2=" " tag="245"><subfield code="a">Sur la stabilite des solutions colloidales en presence d`electrolytes</subfield></datafield><datafield ind1=" " ind2=" " tag="260"><subfield code="a">Paris, Service De Documentation Et D`Information Technique De L`Aeronautique, 1960, 97p</subfield></datafield><datafield ind1=" " ind2=" " tag="490"><subfield code="a">Publ.Scientifiques Et Techniques Du Ministere De L`Air</subfield></datafield><datafield ind1=" " ind2=" " tag="852"><subfield code="a">16448</subfield></datafield></record></collection>